@article{kao2014nonliteral,
  title={Nonliteral understanding of number words},
  author={Kao, Justine T and Wu, Jean Y and Bergen, Leon and Goodman, Noah D},
  journal={Proceedings of the National Academy of Sciences},
  volume={111},
  number={33},
  pages={12002--12007},
  year={2014},
  publisher={National Acad Sciences}
}

@book{gazdar1979pragmatics,
  title={Pragmatics: Implicature, presupposition, and logical form},
  author={Gazdar, Gerald},
  year={1979},
  publisher={Academic Press New York}
}

@article{degen2014processing,
  title={Processing scalar implicature: A constraintbased approach},
  author={Degen, Judith and Tanenhaus, Michael K and Hall, Meliora},
  journal={Cognitive Science},
  year={2014}
}

@article{frank2012predicting,
  title={Predicting pragmatic reasoning in language games},
  author={Frank, Michael C and Goodman, Noah D},
  journal={Science},
  volume={336},
  number={6084},
  pages={998--998},
  year={2012},
  publisher={American Association for the Advancement of Science}
}